<record><leader>00000cas a2200000 a 4500</leader><controlfield tag="001">21990715</controlfield><controlfield tag="008">900711d18611865iluwr ne      0    0eng c</controlfield><datafield ind1=" " ind2=" " tag="010"><subfield code="a">sn 90066227 </subfield></datafield><datafield ind1=" " ind2=" " tag="040"><subfield code="a">NYG</subfield><subfield code="b">eng</subfield><subfield code="c">NYG</subfield><subfield code="d">DLC</subfield><subfield code="d">NVF</subfield><subfield code="d">OCL</subfield><subfield code="d">CVF</subfield><subfield code="d">NVF</subfield><subfield code="d">OCLCQ</subfield><subfield code="d">OCLCF</subfield><subfield code="d">OCLCO</subfield></datafield><datafield ind1="1" ind2=" " tag="029"><subfield code="a">AU@</subfield><subfield code="b">000020225534</subfield></datafield><datafield ind1=" " ind2=" " tag="042"><subfield code="a">pcc</subfield></datafield><datafield ind1=" " ind2=" " tag="043"><subfield code="a">n-us-il</subfield></datafield><datafield ind1="0" ind2="4" tag="245"><subfield code="a">The true Republican and sentinel.</subfield></datafield><datafield ind1=" " ind2=" " tag="260"><subfield code="a">Sycamore, Ill. :</subfield><subfield code="b">O.P. Bassett,</subfield><subfield code="c">1861-1865.</subfield></datafield><datafield ind1=" " ind2=" " tag="300"><subfield code="a">v.</subfield></datafield><datafield ind1=" " ind2=" " tag="310"><subfield code="a">Weekly</subfield></datafield><datafield ind1="0" ind2=" " tag="362"><subfield code="a">Vol. 4, no. 36 (June 12, 1861)-v. 8, no. 13 (Jan. 18, 1865).</subfield></datafield><datafield ind1=" " ind2="0" tag="651"><subfield code="a">Sycamore (Ill.)</subfield><subfield code="v">Newspapers.</subfield></datafield><datafield ind1=" " ind2="7" tag="655"><subfield code="a">Newspapers.</subfield><subfield code="2">fast</subfield><subfield code="0">(OCoLC)fst01423814</subfield></datafield><datafield ind1=" " ind2="7" tag="651"><subfield code="a">Illinois</subfield><subfield code="z">Sycamore.</subfield><subfield code="2">fast</subfield><subfield code="0">(OCoLC)fst01221238</subfield></datafield><datafield ind1=" " ind2=" " tag="752"><subfield code="a">United States</subfield><subfield code="b">Illinois</subfield><subfield code="c">De Kalb</subfield><subfield code="d">Sycamore.</subfield></datafield><datafield ind1="0" ind2="0" tag="780"><subfield code="t">Republican and sentinel (Sycamore, Ill.)</subfield><subfield code="w">(DLC)sn 90066226</subfield><subfield code="w">(OCoLC)2199037</subfield></datafield><datafield ind1="0" ind2="0" tag="785"><subfield code="t">Sycamore true Republican</subfield><subfield code="w">(DLC)sn 92053409</subfield><subfield code="w">(OCoLC)27018178</subfield></datafield></record>